
@article{1deamer2016three,
	title={Three decades of nanopore sequencing},
	author={Deamer, David and Akeson, Mark and Branton, Daniel},
	journal={Nature biotechnology},
	volume={34},
	number={5},
	pages={518--524},
	year={2016},
	publisher={Nature Publishing Group US New York}
}

@article{2jain2016oxford,
	title={The Oxford Nanopore MinION: delivery of nanopore sequencing to the genomics community},
	author={Jain, Miten and Olsen, Hugh E and Paten, Benedict and Akeson, Mark},
	journal={Genome biology},
	volume={17},
	pages={1--11},
	year={2016},
	publisher={Springer}
}

@article{0wang2021nanopore,
	title={Nanopore sequencing technology, bioinformatics and applications},
	author={Wang, Yunhao and Zhao, Yue and Bollas, Audrey and Wang, Yuru and Au, Kin Fai},
	journal={Nature biotechnology},
	volume={39},
	number={11},
	pages={1348--1365},
	year={2021},
	publisher={Nature Publishing Group US New York}
}

@article{david2017nanocall,
	title={Nanocall: an open source basecaller for Oxford Nanopore sequencing data},
	author={David, Matei and Dursi, Lewis Jonathan and Yao, Delia and Boutros, Paul C and Simpson, Jared T},
	journal={Bioinformatics},
	volume={33},
	number={1},
	pages={49--55},
	year={2017},
	publisher={Oxford University Press}
}

@article{bovza2017deepnano,
	title={DeepNano: deep recurrent neural networks for base calling in MinION nanopore reads},
	author={Bo{\v{z}}a, Vladim{\'\i}r and Brejov{\'a}, Bro{\v{n}}a and Vina{\v{r}}, Tom{\'a}{\v{s}}},
	journal={PloS one},
	volume={12},
	number={6},
	pages={e0178751},
	year={2017},
	publisher={Public Library of Science San Francisco, CA USA}
}

@article{baum1972inequality,
	title={An inequality and associated maximization technique in statistical estimation for probabilistic functions of Markov processes},
	author={Baum, Leonard E and others},
	journal={Inequalities},
	volume={3},
	number={1},
	pages={1--8},
	year={1972}
}

@article{giles1994dynamic,
	title={Dynamic recurrent neural networks: Theory and applications},
	author={Giles, C Lee and Kuhn, Gary M and Williams, Ronald J},
	journal={IEEE Transactions on Neural Networks},
	volume={5},
	number={2},
	pages={153--156},
	year={1994},
	publisher={IEEE}
}

@article{nicholls2019ultra,
	title={Ultra-deep, long-read nanopore sequencing of mock microbial community standards},
	author={Nicholls, Samuel M and Quick, Joshua C and Tang, Shuiquan and Loman, Nicholas J},
	journal={Gigascience},
	volume={8},
	number={5},
	pages={giz043},
	year={2019},
	publisher={Oxford University Press}
}

@article{gong2019ultra,
	title={Ultra-long read sequencing for whole genomic DNA analysis},
	author={Gong, Liang and Wong, Chee-Hong and Idol, Jennifer and Ngan, Chew Yee and Wei, Chia-Lin},
	journal={JoVE (Journal of Visualized Experiments)},
	number={145},
	pages={e58954},
	year={2019}
}

@article{loose2016real,
	title={Real-time selective sequencing using nanopore technology},
	author={Loose, Matthew and Malla, Sunir and Stout, Michael},
	journal={Nature methods},
	volume={13},
	number={9},
	pages={751--754},
	year={2016},
	publisher={Nature Publishing Group US New York}
}

@article{wescoe2014nanopores,
	title={Nanopores discriminate among five C5-cytosine variants in DNA},
	author={Wescoe, Zachary L and Schreiber, Jacob and Akeson, Mark},
	journal={Journal of the American Chemical Society},
	volume={136},
	number={47},
	pages={16582--16587},
	year={2014},
	publisher={ACS Publications}
}

@article{bolisetty2015determining,
	title={Determining exon connectivity in complex mRNAs by nanopore sequencing},
	author={Bolisetty, Mohan T and Rajadinakaran, Gopinath and Graveley, Brenton R},
	journal={Genome biology},
	volume={16},
	pages={1--12},
	year={2015},
	publisher={Springer}
}

@article{jain2018linear,
	title={Linear assembly of a human centromere on the Y chromosome},
	author={Jain, Miten and Olsen, Hugh E and Turner, Daniel J and Stoddart, David and Bulazel, Kira V and Paten, Benedict and Haussler, David and Willard, Huntington F and Akeson, Mark and Miga, Karen H},
	journal={Nature biotechnology},
	volume={36},
	number={4},
	pages={321--323},
	year={2018},
	publisher={Nature Publishing Group}
}

@article{miga2020telomere,
	title={Telomere-to-telomere assembly of a complete human X chromosome},
	author={Miga, Karen H and Koren, Sergey and Rhie, Arang and Vollger, Mitchell R and Gershman, Ariel and Bzikadze, Andrey and Brooks, Shelise and Howe, Edmund and Porubsky, David and Logsdon, Glennis A and others},
	journal={Nature},
	volume={585},
	number={7823},
	pages={79--84},
	year={2020},
	publisher={Nature Publishing Group}
}

@article{garalde2018highly,
	title={Highly parallel direct RNA sequencing on an array of nanopores},
	author={Garalde, Daniel R and Snell, Elizabeth A and Jachimowicz, Daniel and Sipos, Botond and Lloyd, Joseph H and Bruce, Mark and Pantic, Nadia and Admassu, Tigist and James, Phillip and Warland, Anthony and others},
	journal={Nature methods},
	volume={15},
	number={3},
	pages={201--206},
	year={2018},
	publisher={Nature Publishing Group US New York}
}

@article{euskirchen2017same,
	title={Same-day genomic and epigenomic diagnosis of brain tumors using real-time nanopore sequencing},
	author={Euskirchen, Philipp and Bielle, Franck and Labreche, Karim and Kloosterman, Wigard P and Rosenberg, Shai and Daniau, Mailys and Schmitt, Charlotte and Masliah-Planchon, Julien and Bourdeaut, Franck and Dehais, Caroline and others},
	journal={Acta neuropathologica},
	volume={134},
	pages={691--703},
	year={2017},
	publisher={Springer}
}

@article{jeck2019nanopore,
	title={A nanopore sequencing--based assay for rapid detection of gene fusions},
	author={Jeck, William R and Lee, Jesse and Robinson, Hayley and Le, Long P and Iafrate, A John and Nardi, Valentina},
	journal={The Journal of Molecular Diagnostics},
	volume={21},
	number={1},
	pages={58--69},
	year={2019},
	publisher={Elsevier}
}

@book{2019基因组学,
	title={基因组学},
	isbn={9787040526844},
	url={https://books.google.co.jp/books?id=1kWzzQEACAAJ},
	year={2019},
	publisher={高等教育出版社}
}

@article{tettelin2005genome,
	title={Genome analysis of multiple pathogenic isolates of Streptococcus agalactiae: implications for the microbial “pan-genome”},
	author={Tettelin, Herv{\'e} and Masignani, Vega and Cieslewicz, Michael J and Donati, Claudio and Medini, Duccio and Ward, Naomi L and Angiuoli, Samuel V and Crabtree, Jonathan and Jones, Amanda L and Durkin, A Scott and others},
	journal={Proceedings of the National Academy of Sciences},
	volume={102},
	number={39},
	pages={13950--13955},
	year={2005},
	publisher={National Acad Sciences}
}

@article{Li2009human,
	author = {Li, Ruiqiang and Li, Yingrui and Zheng, Hancheng and Luo, Ruibang and Zhu, Hongmei and Li, Qibin and Qian, Wubin and Ren, Yuanyuan and Tian, Geng and Li, Jinxiang and Zhou, Guangyu and Zhu, Xuan and wu, Honglong and Qin, Junjie and Jin, Xin and Li, Dongfang and Cao, Hongzhi and Hu, Xueda and Blanché, Hélène and Wang, Jian},
	year = {2009},
	month = {12},
	pages = {57-63},
	title = {Building the sequence map of the human pan-genome},
	volume = {28},
	journal = {Nature biotechnology},
	doi = {10.1038/nbt.1596}
}

@article{Bayer2020PlantPA,
	title={Plant pan-genomes are the new reference},
	author={Philipp Emanuel Bayer and Agnieszka A. Golicz and Armin Scheben and Jacqueline Batley and David Edwards},
	journal={Nature Plants},
	year={2020},
	pages={1-7}
}

@article{liu2020pan,
	title={Pan-genome of wild and cultivated soybeans},
	author={Liu, Yucheng and Du, Huilong and Li, Pengcheng and Shen, Yanting and Peng, Hua and Liu, Shulin and Zhou, Guo-An and Zhang, Haikuan and Liu, Zhi and Shi, Miao and others},
	journal={Cell},
	volume={182},
	number={1},
	pages={162--176},
	year={2020},
	publisher={Elsevier}
}

@article{li2014novo,
	title={De novo assembly of soybean wild relatives for pan-genome analysis of diversity and agronomic traits},
	author={Li, Ying-hui and Zhou, Guangyu and Ma, Jianxin and Jiang, Wenkai and Jin, Long-guo and Zhang, Zhouhao and Guo, Yong and Zhang, Jinbo and Sui, Yi and Zheng, Liangtao and others},
	journal={Nature biotechnology},
	volume={32},
	number={10},
	pages={1045--1052},
	year={2014},
	publisher={Nature Publishing Group US New York}
}

@article{schatz2014whole,
	title={Whole genome de novo assemblies of three divergent strains of rice, Oryza sativa, document novel gene space of aus and indica},
	author={Schatz, Michael C and Maron, Lyza G and Stein, Joshua C and Wences, Alejandro Hernandez and Gurtowski, James and Biggers, Eric and Lee, Hayan and Kramer, Melissa and Antoniou, Eric and Ghiban, Elena and others},
	journal={Genome biology},
	volume={15},
	pages={1--16},
	year={2014},
	publisher={Springer}
}

@article{song2020eight,
	title={Eight high-quality genomes reveal pan-genome architecture and ecotype differentiation of Brassica napus},
	author={Song, Jia-Ming and Guan, Zhilin and Hu, Jianlin and Guo, Chaocheng and Yang, Zhiquan and Wang, Shuo and Liu, Dongxu and Wang, Bo and Lu, Shaoping and Zhou, Run and others},
	journal={Nature Plants},
	volume={6},
	number={1},
	pages={34--45},
	year={2020},
	publisher={Nature Publishing Group UK London}
}

@article{zhou2023pan,
	title={Pan-genome inversion index reveals evolutionary insights into the subpopulation structure of Asian rice},
	author={Zhou, Yong and Yu, Zhichao and Chebotarov, Dmytro and Chougule, Kapeel and Lu, Zhenyuan and Rivera, Luis F and Kathiresan, Nagarajan and Al-Bader, Noor and Mohammed, Nahed and Alsantely, Aseel and others},
	journal={Nature Communications},
	volume={14},
	number={1},
	pages={1567},
	year={2023},
	publisher={Nature Publishing Group UK London}
}


@article{rice,
	title = "The rice genome revolution: From an ancient grain to Green Super Rice",
	year = "2018",
	month = aug,
	day = "1",
	doi = "10.1038/s41576-018-0024-z",
	language = "English (US)",
	volume = "19",
	pages = "505--517",
	journal = "Nature Reviews Genetics",
	issn = "1471-0056",
	publisher = "Nature Publishing Group",
	number = "8",
	
}

